@article{grill2016learning,
  title={Learning combination of anomaly detectors for security domain},
  author={Grill, Martin and Pevný, Tomáš},
  journal={Computer Networks},
  volume={107},
  pages={55--63},
  year={2016},
  publisher={Elsevier}
}

@article{bezanson2012julia,
  title={Julia: A fast dynamic language for technical computing},
  author={Bezanson, Jeff and Karpinski, Stefan and Shah, Viral B and Edelman, Alan},
  journal={arXiv preprint arXiv:1209.5145},
  year={2012}
}


@article{steinwart2005classification,
  title={A classification framework for anomaly detection},
  author={Steinwart, Ingo and Hush, Don and Scovel, Clint},
  journal={Journal of Machine Learning Research},
  volume={6},
  number={Feb},
  pages={211--232},
  year={2005}
}


@article{scott2007performance,
  title={Performance measures for Neyman-Pearson classification},
  author={Scott, Clayton},
  journal={IEEE Trans. Information Theory},
  volume={53},
  number={8},
  pages={2852--2863},
  year={2007}
}


@inproceedings{emmott2013systematic,
  title={Systematic construction of anomaly detection benchmarks from real data},
  author={Emmott, Andrew F and Das, Shubhomoy and Dietterich, Thomas and Fern, Alan and Wong, Weng-Keen},
  booktitle={Proceedings of the ACM SIGKDD workshop on outlier detection and description},
  pages={16--21},
  year={2013},
  organization={ACM}
}

@article{demvsar2006statistical,
  title={Statistical comparisons of classifiers over multiple data sets},
  author={Dem{\v{s}}ar, Janez},
  journal={Journal of Machine learning research},
  volume={7},
  number={Jan},
  pages={1--30},
  year={2006}
}

@inproceedings{sokolova2006beyond,
  title={Beyond accuracy, F-score and ROC: a family of discriminant measures for performance evaluation},
  author={Sokolova, Marina and Japkowicz, Nathalie and Szpakowicz, Stan},
  booktitle={Australasian joint conference on artificial intelligence},
  pages={1015--1021},
  year={2006},
  organization={Springer}
}

@article{mcinnes2018umap,
  title={Umap: Uniform manifold approximation and projection for dimension reduction},
  author={McInnes, Leland and Healy, John},
  journal={arXiv preprint arXiv:1802.03426},
  year={2018}
}

@article{chandola2009anomaly,
  title={Anomaly detection: A survey},
  author={Chandola, Varun and Banerjee, Arindam and Kumar, Vipin},
  journal={ACM computing surveys (CSUR)},
  volume={41},
  number={3},
  pages={15},
  year={2009},
  publisher={ACM}
}

@book{egan1975signal,
  title={Signal Detection Theory and ROC Analysis Academic Press Series in Cognition and Perception},
  author={Egan, James P},
  year={1975},
  publisher={London, UK: Academic Press}
}

@article{hodge2004survey,
  title={A survey of outlier detection methodologies},
  author={Hodge, Victoria and Austin, Jim},
  journal={Artificial intelligence review},
  volume={22},
  number={2},
  pages={85--126},
  year={2004},
  publisher={Springer}
}
@article{markou2003novelty,
  title={Novelty detection: a review—part 1: statistical approaches},
  author={Markou, Markos and Singh, Sameer},
  journal={Signal processing},
  volume={83},
  number={12},
  pages={2481--2497},
  year={2003},
  publisher={Elsevier}
}

@article{campos2016evaluation,
  title={On the evaluation of unsupervised outlier detection: measures, datasets, and an empirical study},
  author={Campos, Guilherme O and Zimek, Arthur and Sander, J{\"o}rg and Campello, Ricardo JGB and Micenkov{\'a}, Barbora and Schubert, Erich and Assent, Ira and Houle, Michael E},
  journal={Data Mining and Knowledge Discovery},
  volume={30},
  number={4},
  pages={891--927},
  year={2016},
  publisher={Springer}
}

@article{goldstein2016comparative,
  title={A comparative evaluation of unsupervised anomaly detection algorithms for multivariate data},
  author={Goldstein, Markus and Uchida, Seiichi},
  journal={PloS one},
  volume={11},
  number={4},
  pages={e0152173},
  year={2016},
  publisher={Public Library of Science}
}

@inproceedings{lazarevic2003comparative,
  title={A comparative study of anomaly detection schemes in network intrusion detection},
  author={Lazarevic, Aleksandar and Ertoz, Levent and Kumar, Vipin and Ozgur, Aysel and Srivastava, Jaideep},
  booktitle={Proceedings of the 2003 SIAM International Conference on Data Mining},
  pages={25--36},
  year={2003},
  organization={SIAM}
}

@inproceedings{ramaswamy2000efficient,
  title={Efficient algorithms for mining outliers from large data sets},
  author={Ramaswamy, Sridhar and Rastogi, Rajeev and Shim, Kyuseok},
  booktitle={ACM Sigmod Record},
  volume={29},
  pages={427--438},
  year={2000},
  organization={ACM}
}

@article{harmeling2006outliers,
  title={From outliers to prototypes: ordering data},
  author={Harmeling, Stefan and Dornhege, Guido and Tax, David and Meinecke, Frank and M{\"u}ller, Klaus-Robert},
  journal={Neurocomputing},
  volume={69},
  number={13-15},
  pages={1608--1618},
  year={2006},
  publisher={Elsevier}
}

@inproceedings{breunig2000lof,
  title={LOF: identifying density-based local outliers},
  author={Breunig, Markus M and Kriegel, Hans-Peter and Ng, Raymond T and Sander, J{\"o}rg},
  booktitle={ACM sigmod record},
  volume={29},
  pages={93--104},
  year={2000},
  organization={ACM}
}

@article{garcia2009anomaly,
  title={Anomaly-based network intrusion detection: Techniques, systems and challenges},
  author={Garcia-Teodoro, Pedro and Diaz-Verdejo, Jesus and Maci{\'a}-Fern{\'a}ndez, Gabriel and V{\'a}zquez, Enrique},
  journal={computers \& security},
  volume={28},
  number={1-2},
  pages={18--28},
  year={2009},
  publisher={Elsevier}
}

@inproceedings{mahadevan2010anomaly,
  title={Anomaly detection in crowded scenes},
  author={Mahadevan, Vijay and Li, Weixin and Bhalodia, Viral and Vasconcelos, Nuno},
  booktitle={Computer Vision and Pattern Recognition (CVPR), 2010 IEEE Conference on},
  pages={1975--1981},
  year={2010},
  organization={IEEE}
}

@inproceedings{latecki2007outlier,
  title={Outlier detection with kernel density functions},
  author={Latecki, Longin Jan and Lazarevic, Aleksandar and Pokrajac, Dragoljub},
  booktitle={International Workshop on Machine Learning and Data Mining in Pattern Recognition},
  pages={61--75},
  year={2007},
  organization={Springer}
}

@inproceedings{schlegl2017unsupervised,
  title={Unsupervised anomaly detection with generative adversarial networks to guide marker discovery},
  author={Schlegl, Thomas and Seeb{\"o}ck, Philipp and Waldstein, Sebastian M and Schmidt-Erfurth, Ursula and Langs, Georg},
  booktitle={International Conference on Information Processing in Medical Imaging},
  pages={146--157},
  year={2017},
  organization={Springer}
}

@misc{Dua:2017 ,
author = {Dheeru, Dua and Karra Taniskidou, Efi},
year = {2017},
title = {{UCI} Machine Learning Repository},
url = {http://archive.ics.uci.edu/ml},
institution = {University of California, Irvine, School of Information and Computer Sciences} 
}

@article{kendall1938new,
  title={A new measure of rank correlation},
  author={Kendall, Maurice G},
  journal={Biometrika},
  volume={30},
  number={1/2},
  pages={81--93},
  year={1938},
  publisher={JSTOR}
}

@article{vanderlooy2008critical,
  title={A critical analysis of variants of the AUC},
  author={Vanderlooy, Stijn and H{\"u}llermeier, Eyke},
  journal={Machine Learning},
  volume={72},
  number={3},
  pages={247--262},
  year={2008},
  publisher={Springer}
}

@article{goix2016evaluate,
  title={How to evaluate the quality of unsupervised anomaly detection algorithms?},
  author={Goix, Nicolas},
  journal={arXiv preprint arXiv:1607.01152},
  year={2016}
}

@inproceedings{clemenccon2013scoring,
  title={Scoring anomalies: a M-estimation formulation},
  author={Cl{\'e}men{\c{c}}on, St{\'e}phan and Jakubowicz, J{\'e}r{\'e}mie},
  booktitle={Artificial Intelligence and Statistics},
  pages={659--667},
  year={2013}
}

@inproceedings{davis2006relationship,
  title={The relationship between Precision-Recall and ROC curves},
  author={Davis, Jesse and Goadrich, Mark},
  booktitle={Proceedings of the 23rd international conference on Machine learning},
  pages={233--240},
  year={2006},
  organization={ACM}
}

@inproceedings{chinchor1992muc,
  title={MUC-4 evaluation metrics},
  author={Chinchor, Nancy},
  booktitle={Proceedings of the 4th conference on Message understanding},
  pages={22--29},
  year={1992},
  organization={Association for Computational Linguistics}
}

@article{odena2018realistic,
  title={Realistic Evaluation of Semi-Supervised Learning Algorithms},
  author={Odena, Augustus and Oliver, Avital and Raffel, Colin and Cubuk, Ekin Dogus and Goodfellow, Ian},
  year={2018}
}

@article{demsar2006statistical,
  title={Statistical comparisons of classifiers over multiple data sets},
  author={Dem{\v{s}}ar, Janez},
  journal={Journal of Machine learning research},
  volume={7},
  number={Jan},
  pages={1--30},
  year={2006}
}

@article{an2015variational,
  title={Variational autoencoder based anomaly detection using reconstruction probability},
  author={An, Jinwon and Cho, Sungzoon},
  journal={SNU Data Mining Center, Tech. Rep.},
  year={2015}
}

@article{kingma2013vae,
  title={Auto-encoding variational bayes},
  author={Kingma, Diederik P and Welling, Max},
  journal={arXiv preprint arXiv:1312.6114},
  year={2013}
}

@inproceedings{goodfellow2014gan,
  title={Generative adversarial nets},
  author={Goodfellow, Ian and Pouget-Abadie, Jean and Mirza, Mehdi and Xu, Bing and Warde-Farley, David and Ozair, Sherjil and Courville, Aaron and Bengio, Yoshua},
  booktitle={Advances in neural information processing systems},
  pages={2672--2680},
  year={2014}
}

@inproceedings{salimans2016fmgan,
  title={Improved techniques for training gans},
  author={Salimans, Tim and Goodfellow, Ian and Zaremba, Wojciech and Cheung, Vicki and Radford, Alec and Chen, Xi},
  booktitle={Advances in Neural Information Processing Systems},
  pages={2234--2242},
  year={2016}
}

@article{pu2017svae,
  title={Symmetric variational autoencoder and connections to adversarial learning},
  author={Pu, Yunchen and Chen, Liqun and Dai, Shuyang and Wang, Weiyao and Li, Chunyuan and Carin, Lawrence},
  journal={arXiv preprint arXiv:1709.01846},
  year={2017}
}

@inproceedings{sakurada2014anomaly,
  title={Anomaly detection using autoencoders with nonlinear dimensionality reduction},
  author={Sakurada, Mayu and Yairi, Takehisa},
  booktitle={Proceedings of the MLSDA 2014 2nd Workshop on Machine Learning for Sensory Data Analysis},
  pages={4},
  year={2014},
  organization={ACM}
}

@inproceedings{hautamaki2004outlier,
  title={Outlier detection using k-nearest neighbour graph},
  author={Hautamaki, Ville and Karkkainen, Ismo and Franti, Pasi},
  booktitle={Pattern Recognition, 2004. ICPR 2004. Proceedings of the 17th International Conference on},
  volume={3},
  pages={430--433},
  year={2004},
  organization={IEEE}
}

@inproceedings{angiulli2002fast,
  title={Fast outlier detection in high dimensional spaces},
  author={Angiulli, Fabrizio and Pizzuti, Clara},
  booktitle={European Conference on Principles of Data Mining and Knowledge Discovery},
  pages={15--27},
  year={2002},
  organization={Springer}
}

@inproceedings{zhou2017anomaly,
  title={Anomaly detection with robust deep autoencoders},
  author={Zhou, Chong and Paffenroth, Randy C},
  booktitle={Proceedings of the 23rd ACM SIGKDD International Conference on Knowledge Discovery and Data Mining},
  pages={665--674},
  year={2017},
  organization={ACM}
}

@article{solch2016variational,
  title={Variational inference for on-line anomaly detection in high-dimensional time series},
  author={S{\"o}lch, Maximilian and Bayer, Justin and Ludersdorfer, Marvin and van der Smagt, Patrick},
  journal={arXiv preprint arXiv:1602.07109},
  year={2016}
}

@book{clachar2016novelty,
  title={Novelty detection and cluster analysis in time series data using variational autoencoder feature maps},
  author={Clachar, Sophine},
  year={2016},
  publisher={The University of North Dakota}
}

@inproceedings{thompson2002implicit,
  title={Implicit learning in autoencoder novelty assessment},
  author={Thompson, Benjamin Berry and Marks, Robert J and Choi, Jai J and El-Sharkawi, Mohamed A and Huang, Ming-Yuh and Bunje, Carl},
  booktitle={Neural Networks, 2002. IJCNN'02. Proceedings of the 2002 International Joint Conference on},
  volume={3},
  pages={2878--2883},
  year={2002},
  organization={IEEE}
}

@article{vincent2010stacked,
  title={Stacked denoising autoencoders: Learning useful representations in a deep network with a local denoising criterion},
  author={Vincent, Pascal and Larochelle, Hugo and Lajoie, Isabelle and Bengio, Yoshua and Manzagol, Pierre-Antoine},
  journal={Journal of Machine Learning Research},
  volume={11},
  number={Dec},
  pages={3371--3408},
  year={2010}
}

@inproceedings{zong2018deep,
  title={Deep autoencoding gaussian mixture model for unsupervised anomaly detection},
  author={Zong, Bo and Song, Qi and Min, Martin Renqiang and Cheng, Wei and Lumezanu, Cristian and Cho, Daeki and Chen, Haifeng},
  booktitle={International Conference on Learning Representations},
  year={2018}
}

@article{zhai2016deep,
  title={Deep structured energy based models for anomaly detection},
  author={Zhai, Shuangfei and Cheng, Yu and Lu, Weining and Zhang, Zhongfei},
  journal={arXiv preprint arXiv:1605.07717},
  year={2016}
}

@article{bentley1975multidimensional,
  title={Multidimensional binary search trees used for associative searching},
  author={Bentley, Jon Louis},
  journal={Communications of the ACM},
  volume={18},
  number={9},
  pages={509--517},
  year={1975},
  publisher={ACM}
}

@article{muniyandi2012network,
  title={Network anomaly detection by cascading k-Means clustering and C4. 5 decision tree algorithm},
  author={Muniyandi, Amuthan Prabakar and Rajeswari, R and Rajaram, R},
  journal={Procedia Engineering},
  volume={30},
  pages={174--182},
  year={2012},
  publisher={Elsevier}
}

@inproceedings{mukkamala2002intrusion,
  title={Intrusion detection using support vector machines},
  author={Mukkamala, Srinivas},
  booktitle={Proc. High Performance Computing Symp.-HPC 2002, April},
  year={2002}
}

@inproceedings{ghosh1999study,
  title={A Study in Using Neural Networks for Anomaly and Misuse Detection.},
  author={Ghosh, Anup K and Schwartzbard, Aaron},
  booktitle={USENIX security symposium},
  volume={99},
  pages={12},
  year={1999}
}

@article{su2011using,
  title={Using clustering to improve the KNN-based classifiers for online anomaly network traffic identification},
  author={Su, Ming-Yang},
  journal={Journal of Network and Computer Applications},
  volume={34},
  number={2},
  pages={722--730},
  year={2011},
  publisher={Elsevier}
}

@inproceedings{he2005optimization,
  title={An optimization model for outlier detection in categorical data},
  author={He, Zengyou and Deng, Shengchun and Xu, Xiaofei},
  booktitle={International Conference on Intelligent Computing},
  pages={400--409},
  year={2005},
  organization={Springer}
}

@incollection{werbos1982applications,
  title={Applications of advances in nonlinear sensitivity analysis},
  author={Werbos, Paul J},
  booktitle={System modeling and optimization},
  pages={762--770},
  year={1982},
  publisher={Springer}
}

@inproceedings{nesterov1983method,
  title={A method for unconstrained convex minimization problem with the rate of convergence O (1/k\^{} 2)},
  author={Nesterov, Yurii},
  booktitle={Doklady AN USSR},
  volume={269},
  pages={543--547},
  year={1983}
}

@article{reddi2019convergence,
  title={On the convergence of adam and beyond},
  author={Reddi, Sashank J and Kale, Satyen and Kumar, Sanjiv},
  journal={arXiv preprint arXiv:1904.09237},
  year={2019}
}

@article{pedregosa2011scikit,
  title={Scikit-learn: Machine learning in Python},
  author={Pedregosa, Fabian and Varoquaux, Ga{\"e}l and Gramfort, Alexandre and Michel, Vincent and Thirion, Bertrand and Grisel, Olivier and Blondel, Mathieu and Prettenhofer, Peter and Weiss, Ron and Dubourg, Vincent and others},
  journal={Journal of machine learning research},
  volume={12},
  number={Oct},
  pages={2825--2830},
  year={2011}
}

@inproceedings{tang2002enhancing,
  title={Enhancing effectiveness of outlier detections for low density patterns},
  author={Tang, Jian and Chen, Zhixiang and Fu, Ada Wai-Chee and Cheung, David W},
  booktitle={Pacific-Asia Conference on Knowledge Discovery and Data Mining},
  pages={535--548},
  year={2002},
  organization={Springer}
}

@article{he2003discovering,
  title={Discovering cluster-based local outliers},
  author={He, Zengyou and Xu, Xiaofei and Deng, Shengchun},
  journal={Pattern Recognition Letters},
  volume={24},
  number={9-10},
  pages={1641--1650},
  year={2003},
  publisher={Elsevier}
}

@techreport{shyu2003novel,
  title={A novel anomaly detection scheme based on principal component classifier},
  author={Shyu, Mei-Ling and Chen, Shu-Ching and Sarinnapakorn, Kanoksri and Chang, LiWu},
  year={2003},
  institution={MIAMI UNIV CORAL GABLES FL DEPT OF ELECTRICAL AND COMPUTER ENGINEERING}
}

@inproceedings{aggarwal2015outlier,
  title={Outlier analysis},
  author={Aggarwal, Charu C},
  booktitle={Data mining},
  pages={237--263},
  year={2015},
  organization={Springer}
}

@inproceedings{zaharescu2010anomalous,
  title={Anomalous behaviour detection using spatiotemporal oriented energies, subset inclusion histogram comparison and event-driven processing},
  author={Zaharescu, Andrei and Wildes, Richard},
  booktitle={European Conference on Computer Vision},
  pages={563--576},
  year={2010},
  organization={Springer}
}

@article{rezende2014stochastic,
  title={Stochastic backpropagation and approximate inference in deep generative models},
  author={Rezende, Danilo Jimenez and Mohamed, Shakir and Wierstra, Daan},
  journal={arXiv preprint arXiv:1401.4082},
  year={2014}
}

@inproceedings{kingma2014semi,
  title={Semi-supervised learning with deep generative models},
  author={Kingma, Durk P and Mohamed, Shakir and Rezende, Danilo Jimenez and Welling, Max},
  booktitle={Advances in neural information processing systems},
  pages={3581--3589},
  year={2014}
}

@inproceedings{sohn2015learning,
  title={Learning structured output representation using deep conditional generative models},
  author={Sohn, Kihyuk and Lee, Honglak and Yan, Xinchen},
  booktitle={Advances in neural information processing systems},
  pages={3483--3491},
  year={2015}
}

@inproceedings{walker2016uncertain,
  title={An uncertain future: Forecasting from static images using variational autoencoders},
  author={Walker, Jacob and Doersch, Carl and Gupta, Abhinav and Hebert, Martial},
  booktitle={European Conference on Computer Vision},
  pages={835--851},
  year={2016},
  organization={Springer}
}

@article{higgins2017beta,
  title={beta-VAE: Learning Basic Visual Concepts with a Constrained Variational Framework.},
  author={Higgins, Irina and Matthey, Loic and Pal, Arka and Burgess, Christopher and Glorot, Xavier and Botvinick, Matthew and Mohamed, Shakir and Lerchner, Alexander},
  journal={ICLR},
  volume={2},
  number={5},
  pages={6},
  year={2017}
}

@inproceedings{pu2017adversarial,
  title={Adversarial symmetric variational autoencoder},
  author={Pu, Yuchen and Wang, Weiyao and Henao, Ricardo and Chen, Liqun and Gan, Zhe and Li, Chunyuan and Carin, Lawrence},
  booktitle={Advances in Neural Information Processing Systems},
  pages={4330--4339},
  year={2017}
}

@article{dai2017hidden,
  title={Hidden talents of the variational autoencoder},
  author={Dai, Bin and Wang, Yu and Aston, John and Hua, Gang and Wipf, David},
  journal={arXiv preprint arXiv:1706.05148},
  year={2017}
}

@article{doersch2016tutorial,
  title={Tutorial on variational autoencoders},
  author={Doersch, Carl},
  journal={arXiv preprint arXiv:1606.05908},
  year={2016}
}

@incollection{bottou2010large,
  title={Large-scale machine learning with stochastic gradient descent},
  author={Bottou, L{\'e}on},
  booktitle={Proceedings of COMPSTAT'2010},
  pages={177--186},
  year={2010},
  publisher={Springer}
}

@inproceedings{cogranne2019alaska,
  title={The ALASKA Steganalysis Challenge: A First Step Towards Steganalysis" Into The Wild"},
  author={Cogranne, R{\'e}mi and Giboulot, Quentin and Bas, Patrick},
  year={2019}
}

@article{lotter2015unsupervised,
  title={Unsupervised learning of visual structure using predictive generative networks},
  author={Lotter, William and Kreiman, Gabriel and Cox, David},
  journal={arXiv preprint arXiv:1511.06380},
  year={2015}
}

@inproceedings{zhu2016generative,
  title={Generative visual manipulation on the natural image manifold},
  author={Zhu, Jun-Yan and Kr{\"a}henb{\"u}hl, Philipp and Shechtman, Eli and Efros, Alexei A},
  booktitle={European Conference on Computer Vision},
  pages={597--613},
  year={2016},
  organization={Springer}
}

@inproceedings{wang2018high,
  title={High-resolution image synthesis and semantic manipulation with conditional gans},
  author={Wang, Ting-Chun and Liu, Ming-Yu and Zhu, Jun-Yan and Tao, Andrew and Kautz, Jan and Catanzaro, Bryan},
  booktitle={Proceedings of the IEEE conference on computer vision and pattern recognition},
  pages={8798--8807},
  year={2018}
}

@article{wang2018generative,
  title={Generative adversarial network based novelty detection usingminimized reconstruction error},
  author={Wang, Huan-gang and Li, Xin and Zhang, Tao},
  journal={Frontiers of Information Technology \& Electronic Engineering},
  volume={19},
  number={1},
  pages={116--125},
  year={2018},
  publisher={Springer}
}

@inproceedings{perera2019ocgan,
  title={Ocgan: {O}ne-class novelty detection using {GAN}s with constrained latent representations},
  author={Perera, Pramuditha and Nallapati, Ramesh and Xiang, Bing},
  booktitle={Proceedings of the IEEE Conference on Computer Vision and Pattern Recognition},
  pages={2898--2906},
  year={2019}
}

@inproceedings{mescheder2017adversarial,
  title={Adversarial variational bayes: Unifying variational autoencoders and generative adversarial networks},
  author={Mescheder, Lars and Nowozin, Sebastian and Geiger, Andreas},
  booktitle={Proceedings of the 34th International Conference on Machine Learning-Volume 70},
  pages={2391--2400},
  year={2017},
  organization={JMLR. org}
}

@phdthesis{dimokranitou2017adversarial,
  title={Adversarial autoencoders for anomalous event detection in images},
  author={Dimokranitou, Asimenia},
  year={2017},
  school={Purdue University}
}

@inproceedings{pidhorskyi2018generative,
  title={Generative probabilistic novelty detection with adversarial autoencoders},
  author={Pidhorskyi, Stanislav and Almohsen, Ranya and Doretto, Gianfranco},
  booktitle={Advances in Neural Information Processing Systems},
  pages={6822--6833},
  year={2018}
}

@article{sharapov2001mhd,
  title={MHD spectroscopy through detecting toroidal Alfv{\'e}n eigenmodes and Alfv{\'e}n wave cascades},
  author={Sharapov, SE and Testa, D and Alper, B and Borba, DN and Fasoli, A and Hawkes, NC and Heeter, RF and Mantsinen, M and Von Hellermann, MG and others},
  journal={Physics Letters A},
  volume={289},
  number={3},
  pages={127--134},
  year={2001},
  publisher={Elsevier}
}

@article{melnikov2015quasicoherent,
  title={Quasicoherent modes on the {COMPASS} tokamak},
  author={Melnikov, AV and Markovic, T and Eliseev, LG and Ad{\'a}mek, J and Aftanas, M and Bilkova, P and Boehm, P and Gryaznevich, M and Imrisek, M and Lysenko, SE and others},
  journal={Plasma Physics and Controlled Fusion},
  volume={57},
  number={6},
  pages={065006},
  year={2015},
  publisher={IOP Publishing}
}

@inproceedings{markovic2017alfven,
  title={Alfv{\'e}n-character oscillations in ohmic plasmas observed on the {COMPASS} tokamak},
  author={Markovic, T and Melnikov, A and Seidl, J and Eliseev, L and Havlicek, J and Havr{\'a}nek, A and Hron, M and Imr{\'\i}{\v{s}}ek, M and Kovar{\'\i}k, K},
  booktitle={Proc. 44th EPS Conf. on Plasma Phys},
  volume={5},
  year={2017}
}

@inproceedings{markovic2015alfven,
  title={Alfv{\'e}n-wave character oscillations in tokamak {COMPASS} plasma},
  author={Markovic, T and Seidl, J and Melnikov, A and Haccek, P and Havlicek, J and Havranek, A and Hron, M and Hronova, O and Imrisek, M and Janky, F and others},
  booktitle={Proc. 42nd EPS Conf. Plasma Physics},
  pages={22--26},
  year={2015}
}

@article{ioffe2015batch,
  title={Batch normalization: Accelerating deep network training by reducing internal covariate shift},
  author={Ioffe, Sergey and Szegedy, Christian},
  journal={arXiv preprint arXiv:1502.03167},
  year={2015}
}

@inproceedings{he2016deep,
  title={Deep residual learning for image recognition},
  author={He, Kaiming and Zhang, Xiangyu and Ren, Shaoqing and Sun, Jian},
  booktitle={Proceedings of the IEEE conference on computer vision and pattern recognition},
  pages={770--778},
  year={2016}
}

@article{tomczak2017vae,
  title={VAE with a VampPrior},
  author={Tomczak, Jakub M and Welling, Max},
  journal={arXiv preprint arXiv:1705.07120},
  year={2017}
}

@article{mcclish1989analyzing,
  title={Analyzing a portion of the ROC curve},
  author={McClish, Donna Katzman},
  journal={Medical Decision Making},
  volume={9},
  number={3},
  pages={190--195},
  year={1989},
  publisher={Sage Publications Sage CA: Thousand Oaks, CA}
}

@article{vskvara2020detection,
  title={Detection of Alfv{\'e}n eigenmodes on {COMPASS} with generative neural networks},
  author={Škvára, Vít and Pevný, Tomáš and Šmídl, Václav and Seidl, Jakub and Havránek, Aleš and Tskhakaya, David},
  journal={Fusion Science and Technology},
  volume={76},
  number={8},
  pages={962--971},
  year={2020},
  publisher={Taylor \& Francis}
}

@article{kates2019predicting,
  title={Predicting disruptive instabilities in controlled fusion plasmas through deep learning},
  author={Kates-Harbeck, Julian and Svyatkovskiy, Alexey and Tang, William},
  journal={Nature},
  volume={568},
  number={7753},
  pages={526},
  year={2019},
  publisher={Nature Publishing Group}
}

@book{adams1995hitchhiker,
  title={The Hitchhiker's Guide to the Galaxy},
  author={Adams, D.},
  isbn={9781417642595},
  url={http://books.google.com/books?id=W-xMPgAACAAJ},
  year={1995},
  publisher={San Val}
}

@article{steinwart2005a,
  author  = {Ingo Steinwart and Don Hush and Clint Scovel},
  title   = {A Classification Framework for Anomaly Detection},
  journal = {Journal of Machine Learning Research},
  year    = {2005},
  volume  = {6},
  number  = {8},
  pages   = {211-232},
  url     = {http://jmlr.org/papers/v6/steinwart05a.html}
}


@article{tax2004support,
  title={Support vector data description},
  author={Tax, David MJ and Duin, Robert PW},
  journal={Machine learning},
  volume={54},
  number={1},
  pages={45--66},
  year={2004},
  publisher={Springer}
}

@article{chalapathyGroupAnomalyDetection2018,
  title = {Group {{Anomaly Detection}} Using {{Deep Generative Models}}},
  author = {Chalapathy, Raghavendra and Toth, Edward and Chawla, Sanjay},
  year = {2018},
  month = apr,
  archivePrefix = {arXiv},
  eprint = {1804.04876},
  eprinttype = {arxiv},
  journal = {arXiv:1804.04876 [cs]},
  keywords = {Computer Science - Computer Vision and Pattern Recognition},
  language = {en},
  primaryClass = {cs}
}

@article{sunLearningSparseRepresentation2018,
  title = {Learning {{Sparse Representation With Variational Auto}}-{{Encoder}} for {{Anomaly Detection}}},
  author = {Sun, Jiayu and Wang, Xinzhou and Xiong, Naixue and Shao, Jie},
  year = {2018},
  volume = {6},
  pages = {33353--33361},
  issn = {2169-3536},
  doi = {10.1109/ACCESS.2018.2848210},
  journal = {IEEE Access},
  language = {en}
}

@article{zenatiEfficientGANBasedAnomaly2018,
    title={Efficient {GAN}-Based Anomaly Detection}, 
    author={Houssam Zenati and Chuan Sheng Foo and Bruno Lecouat and Gaurav Manek and Vijay Ramaseshan Chandrasekhar},
    year={2019},
    archivePrefix={arXiv},
    eprint={1802.06222},
    eprinttype = {arxiv},
    journal = {arXiv:1802.06222 [cs]},
    primaryClass={cs.LG}
}

@article{chandyCyberattackDetectionUsing2019,
  title = {Cyberattack {{Detection Using Deep Generative Models}} with {{Variational Inference}}},
  author = {Chandy, Sarin E. and Rasekh, Amin and Barker, Zachary A. and Shafiee, M. Ehsan},
  year = {2019},
  month = feb,
  volume = {145},
  pages = {04018093},
  issn = {0733-9496, 1943-5452},
  doi = {10.1061/(ASCE)WR.1943-5452.0001007},
  journal = {Journal of Water Resources Planning and Management},
  language = {en},
  number = {2}
}

@article{choiWAICWhyGenerative2019,
  title = {{{WAIC}}, but {{Why}}? {{Generative Ensembles}} for {{Robust Anomaly Detection}}},
  shorttitle = {{{WAIC}}, but {{Why}}?},
  author = {Choi, Hyunsun and Jang, Eric and Alemi, Alexander A.},
  year = {2019},
  month = may,
  archivePrefix = {arXiv},
  eprint = {1810.01392},
  eprinttype = {arxiv},
  journal = {arXiv:1810.01392 [cs, stat]},
  keywords = {Computer Science - Machine Learning,Statistics - Machine Learning},
  language = {en},
  primaryClass = {cs, stat}
}

@article{hendrycksDeepAnomalyDetection2019,
  title = {Deep {{Anomaly Detection}} with {{Outlier Exposure}}},
  author = {Hendrycks, Dan and Mazeika, Mantas and Dietterich, Thomas},
  year = {2019},
  month = jan,
  archivePrefix = {arXiv},
  eprint = {1812.04606},
  eprinttype = {arxiv},
  journal = {arXiv:1812.04606 [cs, stat]},
  keywords = {Computer Science - Computation and Language,Computer Science - Computer Vision and Pattern Recognition,Computer Science - Machine Learning,Statistics - Machine Learning},
  language = {en},
  primaryClass = {cs, stat}
}

@article{maaloeBIVAVeryDeep2019,
  title = {{{BIVA}}: {{A Very Deep Hierarchy}} of {{Latent Variables}} for {{Generative Modeling}}},
  author = {Maal{\o}e, Lars and Fraccaro, Marco and Li{\'e}vin, Valentin and Winther, Ole},
  year = {2019},
  pages = {12},
  eprint = {1902.02102},
  journal = {arXiv:1902.02102 [stat]},
  archivePrefix = {arXiv},
  primaryClass = {stat.ML}
}

@article{nguyenGEEGradientbasedExplainable2019,
  title = {{{GEE}}: {{A Gradient}}-Based {{Explainable Variational Autoencoder}} for {{Network Anomaly Detection}}},
  shorttitle = {{{GEE}}},
  author = {Nguyen, Quoc Phong and Lim, Kar Wai and Divakaran, Dinil Mon and Low, Kian Hsiang and Chan, Mun Choon},
  year = {2019},
  month = mar,
  archivePrefix = {arXiv},
  eprint = {1903.06661},
  eprinttype = {arxiv},
  journal = {arXiv:1903.06661 [cs, stat]},
  keywords = {Computer Science - Machine Learning,Dropbox,Statistics - Machine Learning},
  language = {en},
  primaryClass = {cs, stat}
}

@article{schleglFAnoGANFastUnsupervised2019,
  title = {F-{{AnoGAN}}: {{Fast}} Unsupervised Anomaly Detection with Generative Adversarial Networks},
  shorttitle = {F-{{AnoGAN}}},
  author = {Schlegl, Thomas and Seeb{\"o}ck, Philipp and Waldstein, Sebastian M. and Langs, Georg and {Schmidt-Erfurth}, Ursula},
  year = {2019},
  month = may,
  volume = {54},
  pages = {30--44},
  issn = {13618415},
  doi = {10.1016/j.media.2019.01.010},
  journal = {Medical Image Analysis},
  keywords = {Dropbox},
  language = {en}
}

@article{gopalanPIDForestAnomalyDetection2019,
  title={{PIDForest: Anomaly Detection via Partial Identification}},
  author={Gopalan, Parikshit and Sharan, Vatsal and Wieder, Udi},
  year={2019},
  eprint={1912.03582},
  eprinttype = {arxiv},
  journal = {arXiv:1912.03582 [cs]},
  archivePrefix={arXiv},
  primaryClass={cs.LG}
}

@inproceedings{yaoUnsupervisedAnomalyDetection2019,
  title = {Unsupervised {{Anomaly Detection Using Variational Auto}}-{{Encoder}} Based {{Feature Extraction}}},
  booktitle = {2019 {{IEEE International Conference}} on {{Prognostics}} and {{Health Management}} ({{ICPHM}})},
  author = {Yao, Rong and Liu, Chongdang and Zhang, Linxuan and Peng, Peng},
  year = {2019},
  month = jun,
  pages = {1--7},
  publisher = {{IEEE}},
  address = {{San Francisco, CA, USA}},
  doi = {10.1109/ICPHM.2019.8819434},
  isbn = {978-1-5386-8357-6},
  keywords = {Dropbox},
  language = {en}
}

@article{ahnDeepGenerativeModelsBased2020,
    author = {Ahn, Hyojung and Jung, Dawoon and Choi, Han-Lim},
    year = {2020},
    month = {04},
    pages = {1991},
    title = {Deep Generative Models-Based Anomaly Detection for Spacecraft Control Systems},
    volume = {20},
    journal = {Sensors},
    doi = {10.3390/s20071991}
}

@inproceedings{beularaniSurveyApplyingGAN2020,
  title = {Survey on {{Applying GAN}} for {{Anomaly Detection}}},
  booktitle = {2020 {{International Conference}} on {{Computer Communication}} and {{Informatics}} ({{ICCCI}})},
  author = {Beula Rani, B. Joyce and Sumathi M. E., L.},
  year = {2020},
  month = jan,
  pages = {1--5},
  publisher = {{IEEE}},
  address = {{Coimbatore, India}},
  isbn = {978-1-72814-514-3},
  keywords = {Dropbox},
  language = {en}
}

@article{cheDeepVerifierNetworks2020,
  title = {Deep {{Verifier Networks}}: {{Verification}} of {{Deep Discriminative Models}} with {{Deep Generative Models}}},
  shorttitle = {Deep {{Verifier Networks}}},
  author = {Che, Tong and Liu, Xiaofeng and Li, Site and Ge, Yubin and Zhang, Ruixiang and Xiong, Caiming and Bengio, Yoshua},
  year = {2020},
  month = feb,
  archivePrefix = {arXiv},
  eprint = {1911.07421},
  eprinttype = {arxiv},
  journal = {arXiv:1911.07421 [cs]},
  keywords = {Computer Science - Machine Learning,Computer Science - Multimedia,computer vision,Dropbox,ml},
  language = {en},
  primaryClass = {cs}
}

@inproceedings{yamaguchi2019adaflow,
  title={AdaFlow: Domain-adaptive density estimator with application to anomaly detection and unpaired cross-domain translation},
  author={Yamaguchi, Masataka and Koizumi, Yuma and Harada, Noboru},
  booktitle={ICASSP 2019-2019 IEEE International Conference on Acoustics, Speech and Signal Processing (ICASSP)},
  pages={3647--3651},
  year={2019},
  organization={IEEE}
}

@article{wang2020advae,
  title={adVAE: A self-adversarial variational autoencoder with Gaussian anomaly prior knowledge for anomaly detection},
  author={Wang, Xuhong and Du, Ying and Lin, Shijie and Cui, Ping and Shen, Yuntian and Yang, Yupu},
  journal={Knowledge-Based Systems},
  volume={190},
  pages={105187},
  year={2020},
  publisher={Elsevier}
}

@article{park2018multimodal,
  title={A multimodal anomaly detector for robot-assisted feeding using an lstm-based variational autoencoder},
  author={Park, Daehyung and Hoshi, Yuuna and Kemp, Charles C.},
  journal={IEEE Robotics and Automation Letters},
  volume={3},
  number={3},
  pages={1544--1551},
  year={2018},
  publisher={IEEE}
}

@inproceedings{suh2016echo,
  title={Echo-state conditional variational autoencoder for anomaly detection},
  author={Suh, Suwon and Chae, Daniel H. and Kang, Hyon-Goo and Choi, Seungjin},
  booktitle={2016 International Joint Conference on Neural Networks (IJCNN)},
  pages={1015--1022},
  year={2016},
  organization={IEEE}
}

@inproceedings{ravanbakhsh2017abnormal,
  title={Abnormal event detection in videos using generative adversarial nets},
  author={Ravanbakhsh, Mahdyar and Nabi, Moin and Sangineto, Enver and Marcenaro, Lucio and Regazzoni, Carlo and Sebe, Nicu},
  booktitle={2017 IEEE International Conference on Image Processing (ICIP)},
  pages={1577--1581},
  year={2017},
  organization={IEEE}
}

@inproceedings{gulrajani2017improved,
  title={Improved training of wasserstein gans},
  author={Gulrajani, Ishaan and Ahmed, Faruk and Arjovsky, Martin and Dumoulin, Vincent and Courville, Aaron C.},
  booktitle={Advances in neural information processing systems},
  pages={5767--5777},
  year={2017}
}

@article{liu2019generative,
  title={Generative adversarial active learning for unsupervised outlier detection},
  author={Liu, Yezheng and Li, Zhe and Zhou, Chong and Jiang, Yuanchun and Sun, Jianshan and Wang, Meng and He, Xiangnan},
  journal={IEEE Transactions on Knowledge and Data Engineering},
  year={2019},
  publisher={IEEE}
}

@inproceedings{akcay2018ganomaly,
  title={Ganomaly: Semi-supervised anomaly detection via adversarial training},
  author={Akcay, Samet and Atapour-Abarghouei, Amir and Breckon, Toby P.},
  booktitle={Asian conference on computer vision},
  pages={622--637},
  year={2018},
  organization={Springer}
}

@inproceedings{goodfellow2014generative,
  title={Generative adversarial nets},
  author={Goodfellow, Ian and Pouget-Abadie, Jean and Mirza, Mehdi and Xu, Bing and Warde-Farley, David and Ozair, Sherjil and Courville, Aaron and Bengio, Yoshua},
  booktitle={Advances in neural information processing systems},
  pages={2672--2680},
  year={2014}
}

@article{tolstikhin2017wasserstein,
  title={Wasserstein auto-encoders},
  author={Tolstikhin, Ilya and Bousquet, Olivier and Gelly, Sylvain and Schoelkopf, Bernhard},
  year={2019},
  eprint={1711.01558},
  eprinttype={arxiv},
  journal = {arXiv:1711.01558 [stat]},
  archivePrefix={arXiv},
  primaryClass={stat.ML}
}

@article{makhzani2015adversarial,
  title={Adversarial autoencoders},
  author={Makhzani, Alireza and Shlens, Jonathon and Jaitly, Navdeep and Goodfellow, Ian and Frey, Brendan},
  year={2016},
  eprint={1511.05644},
  eprinttype={arxiv},
  journal = {arXiv:1511.05644 [cs]},
  archivePrefix={arXiv},
  primaryClass={cs.LG}
}

@inproceedings{kingma2018glow,
  title={Glow: Generative flow with invertible 1x1 convolutions},
  author={Kingma, Durk P. and Dhariwal, Prafulla},
  booktitle={Advances in neural information processing systems},
  pages={10215--10224},
  year={2018}
}

@article{dinh2016density,
  title={Density estimation using {Real NVP}},
  author={Dinh, Laurent and Sohl-Dickstein, Jascha and Bengio, Samy},
  eprinttype={arxiv},
  journal = {arXiv:1605.08803 [cs]},
  year={2017},
  eprint={1605.08803},
  archivePrefix={arXiv},
  primaryClass={cs.LG}
}

@article{grathwohl2018ffjord,
  title={Ffjord: Free-form continuous dynamics for scalable reversible generative models},
  author={Grathwohl, Will and Chen, Ricky TQ and Bettencourt, Jesse and Sutskever, Ilya and Duvenaud, David},
  year={2018},
  eprint={1810.01367},
  eprinttype={arxiv},
  journal = {arXiv:1810.01367 [cs]},
  archivePrefix={arXiv},
  primaryClass={cs.LG}
}

@inproceedings{akcay2019skip,
  title={Skip-ganomaly: Skip connected and adversarially trained encoder-decoder anomaly detection},
  author={Ak{\c{c}}ay, Samet and Atapour-Abarghouei, Amir and Breckon, Toby P},
  booktitle={2019 International Joint Conference on Neural Networks (IJCNN)},
  pages={1--8},
  year={2019},
  organization={IEEE}
}

@inproceedings{tomczak2018vae,
  title={{VAE} with a {VampPrior}},
  author={Tomczak, Jakub and Welling, Max},
  booktitle={International Conference on Artificial Intelligence and Statistics},
  pages={1214--1223},
  year={2018}
}

@article{fernandez2014we,
  title={Do we need hundreds of classifiers to solve real world classification problems?},
  author={Fern{\'a}ndez-Delgado, Manuel and Cernadas, Eva and Barro, Sen{\'e}n and Amorim, Dinani},
  journal={The journal of machine learning research},
  volume={15},
  number={1},
  pages={3133--3181},
  year={2014},
  publisher={JMLR. org}
}

@article{ruff2020unifying,
  title={A Unifying Review of Deep and Shallow Anomaly Detection},
  author={Ruff, Lukas and Kauffmann, Jacob R and Vandermeulen, Robert A and Montavon, Gr{\'e}goire and Samek, Wojciech and Kloft, Marius and Dietterich, Thomas G and M{\"u}ller, Klaus-Robert},
  year={2020},
  eprint={2009.11732},
  eprinttype={arxiv},
  journal = {arXiv:2009.11732 [cs]},
  archivePrefix={arXiv},
  primaryClass={cs.LG}
}

@article{chalapathy2019deep,
  title={Deep learning for anomaly detection: A survey},
  author={Chalapathy, Raghavendra and Chawla, Sanjay},
  year={2019},
  eprint={1901.03407},
  eprinttype={arxiv},
  journal = {arXiv:1901.03407 [cs]},
  archivePrefix={arXiv},
  primaryClass={cs.LG}
}

@article{ergen2017unsupervised,
   title={Unsupervised Anomaly Detection With {LSTM} Neural Networks},
   volume={31},
   ISSN={2162-2388},
   url={http://dx.doi.org/10.1109/TNNLS.2019.2935975},
   DOI={10.1109/tnnls.2019.2935975},
   number={8},
   journal={IEEE Transactions on Neural Networks and Learning Systems},
   publisher={Institute of Electrical and Electronics Engineers (IEEE)},
   author={Ergen, Tolga and Kozat, Suleyman Serdar},
   year={2020},
   month={Aug},
   pages={3127–3141}
}

@inproceedings{ruff2018deep,
  title={Deep one-class classification},
  author={Ruff, Lukas and Vandermeulen, Robert and Goernitz, Nico and Deecke, Lucas and Siddiqui, Shoaib Ahmed and Binder, Alexander and M{\"u}ller, Emmanuel and Kloft, Marius},
  booktitle={International conference on machine learning},
  pages={4393--4402},
  year={2018}
}

@article{chalapathy2018anomaly,
  title={Anomaly detection using one-class neural networks},
  author={Chalapathy, Raghavendra and Menon, Aditya Krishna and Chawla, Sanjay},
  year={2019},
  eprint={1802.06360},
  eprinttype={arxiv},
  journal = {arXiv:1802.06360 [cs]},
  archivePrefix={arXiv},
  primaryClass={cs.LG}
}

@inproceedings{chalapathy2017robust,
  title={Robust, deep and inductive anomaly detection},
  author={Chalapathy, Raghavendra and Menon, Aditya Krishna and Chawla, Sanjay},
  booktitle={Joint European Conference on Machine Learning and Knowledge Discovery in Databases},
  pages={36--51},
  year={2017},
  organization={Springer}
}

@article{kingma2013auto,
  title={Auto-encoding variational bayes},
  author={Kingma, Diederik P and Welling, Max},
  year={2014},
  eprint={1312.6114},
  eprinttype={arxiv},
  journal = {arXiv:1312.6114 [stat]},
  archivePrefix={arXiv},
  primaryClass={stat.ML}
}

@article{pimentel2014review,
  title={A review of novelty detection},
  author={Pimentel, Marco AF and Clifton, David A and Clifton, Lei and Tarassenko, Lionel},
  journal={Signal Processing},
  volume={99},
  pages={215--249},
  year={2014},
  publisher={Elsevier}
}

@article{kiran2018overview,
  title={An overview of deep learning based methods for unsupervised and semi-supervised anomaly detection in videos},
  author={Kiran, B Ravi and Thomas, Dilip Mathew and Parakkal, Ranjith},
  journal={Journal of Imaging},
  volume={4},
  number={2},
  pages={36},
  year={2018},
  publisher={Multidisciplinary Digital Publishing Institute}
}

@article{moustafa2019holistic,
  title={A holistic review of network anomaly detection systems: A comprehensive survey},
  author={Moustafa, Nour and Hu, Jiankun and Slay, Jill},
  journal={Journal of Network and Computer Applications},
  volume={128},
  pages={33--55},
  year={2019},
  publisher={Elsevier}
}

@article{kwon2019survey,
  title={A survey of deep learning-based network anomaly detection},
  author={Kwon, Donghwoon and Kim, Hyunjoo and Kim, Jinoh and Suh, Sang C and Kim, Ikkyun and Kim, Kuinam J},
  journal={Cluster Computing},
  pages={1--13},
  year={2019},
  publisher={Springer}
}

@article{fernandes2019comprehensive,
  title={A comprehensive survey on network anomaly detection},
  author={Fernandes, Gilberto and Rodrigues, Joel JPC and Carvalho, Luiz Fernando and Al-Muhtadi, Jalal F and Proen{\c{c}}a, Mario Lemes},
  journal={Telecommunication Systems},
  volume={70},
  number={3},
  pages={447--489},
  year={2019},
  publisher={Springer}
}

@article{wang2019progress,
  title={Progress in outlier detection techniques: A survey},
  author={Wang, Hongzhi and Bah, Mohamed Jaward and Hammad, Mohamed},
  journal={IEEE Access},
  volume={7},
  pages={107964--108000},
  year={2019},
  publisher={IEEE}
}

@inproceedings{xu2018unsupervised,
  title={Unsupervised anomaly detection via variational auto-encoder for seasonal kpis in web applications},
  author={Xu, Haowen and Chen, Wenxiao and Zhao, Nengwen and Li, Zeyan and Bu, Jiahao and Li, Zhihan and Liu, Ying and Zhao, Youjian and Pei, Dan and Feng, Yang and others},
  booktitle={Proceedings of the 2018 World Wide Web Conference},
  pages={187--196},
  year={2018}
}

@article{zhao2017infovae,
  title={Infovae: Information maximizing variational autoencoders},
  author={Zhao, Shengjia and Song, Jiaming and Ermon, Stefano},
  year={2018},
  eprint={1706.02262},
  eprinttype={arxiv},
  journal = {arXiv:1706.02262 [cs]},
  archivePrefix={arXiv},
  primaryClass={cs.LG}
}


@article{vskvara2018generative,
  title={Are generative deep models for novelty detection truly better?},
  author={{\v{S}}kv{\'a}ra, V{\'\i}t and Pevn{\'y}, Tom{\'a}{\v{s}} and {\v{S}}m{\'\i}dl, V{\'a}clav},
  year={2018},
  eprint={1807.05027},
  eprinttype={arxiv},
  journal = {arXiv:1807.05027 [cs]},
  archivePrefix={arXiv},
  primaryClass={cs.LG}
}

@article{pevny2016loda,
  title={Loda: Lightweight on-line detector of anomalies},
  author={Pevn{\'y}, Tom{\'a}{\v{s}}},
  journal={Machine Learning},
  volume={102},
  number={2},
  pages={275--304},
  year={2016},
  publisher={Springer}
}

@inproceedings{vsmidlorthogonal,
  title={Orthogonal Approximation of Marginal Likelihood of Generative Models},
  author={{\v{S}}m{\'\i}dl, V{\'a}clav and B{\'\i}m, Jan and Pevn{\'y}, Tom{\'a}{\v{s}}},
  year={2019},
  booktitle = {NIPS Workshop on Bayesian Deep Learning 2019}
}

@article{vsmidl2019anomaly,
  title={Anomaly scores for generative models},
  author={{\v{S}}m{\'\i}dl, V{\'a}clav and B{\'\i}m, Jan and Pevn{\'y}, Tom{\'a}{\v{s}}},
  year={2019},
  eprint={1905.11890},
  eprinttype={arxiv},
  journal = {arXiv:1905.11890 [stat]},
  archivePrefix={arXiv},
  primaryClass={stat.ML}
}

@techreport{leveau2017adversarial,
  TITLE = {{Adversarial autoencoders for novelty detection}},
  AUTHOR = {Leveau, Valentin and Joly, Alexis},
  URL = {https://hal.inria.fr/hal-01636617},
  TYPE = {Research Report},
  INSTITUTION = {{Inria - Sophia Antipolis}},
  YEAR = {2017},
  MONTH = Feb,
  PDF = {https://hal.inria.fr/hal-01636617/file/valentin.pdf},
  HAL_ID = {hal-01636617},
  HAL_VERSION = {v1},
}

@inproceedings{pereira2018unsupervised,
  title={Unsupervised anomaly detection in energy time series data using variational recurrent autoencoders with attention},
  author={Pereira, Joao and Silveira, Margarida},
  booktitle={2018 17th IEEE International Conference on Machine Learning and Applications (ICMLA)},
  pages={1275--1282},
  year={2018},
  organization={IEEE}
}

@inproceedings{ronneberger2015u,
  title={U-net: Convolutional networks for biomedical image segmentation},
  author={Ronneberger, Olaf and Fischer, Philipp and Brox, Thomas},
  booktitle={International Conference on Medical image computing and computer-assisted intervention},
  pages={234--241},
  year={2015},
  organization={Springer}
}

@article{pang2020deep,
  title={Deep learning for anomaly detection: A review},
  author={Pang, Guansong and Shen, Chunhua and Cao, Longbing and Hengel, Anton van den},
  year={2020},
  eprint={2007.02500},
  eprinttype={arxiv},
  journal = {arXiv:2007.02500 [cs]},
  archivePrefix={arXiv},
  primaryClass={cs.LG}
}

@inproceedings{principi2017acoustic,
  title={Acoustic novelty detection with adversarial autoencoders},
  author={Principi, Emanuele and Vesperini, Fabio and Squartini, Stefano and Piazza, Francesco},
  booktitle={2017 International Joint Conference on Neural Networks (IJCNN)},
  pages={3324--3330},
  year={2017},
  organization={IEEE}
}

@article{chen2018unsupervised,
  title={Unsupervised Detection of Lesions in Brain {MRI} using constrained adversarial auto-encoders}, 
  author={Xiaoran Chen and Ender Konukoglu},
  year={2018},
  eprint={1806.04972},
  eprinttype={arxiv},
  journal = {arXiv:1806.04972 [cs]},
  archivePrefix={arXiv},
  primaryClass={cs.CV}
}

@inproceedings{deecke2018image,
  title={Image anomaly detection with generative adversarial networks},
  author={Deecke, Lucas and Vandermeulen, Robert and Ruff, Lukas and Mandt, Stephan and Kloft, Marius},
  booktitle={Joint european conference on machine learning and knowledge discovery in databases},
  pages={3--17},
  year={2018},
  organization={Springer}
}

@article{vert2006consistency,
  title={Consistency and convergence rates of one-class {SVM}s and related algorithms},
  author={Vert, R{\'e}gis and Vert, Jean-Philippe},
  journal={Journal of Machine Learning Research},
  volume={7},
  number={May},
  pages={817--854},
  year={2006}
}

@article{goodfellow2016nips,
  title={{NIPS} 2016 Tutorial: Generative Adversarial Networks}, 
  author={Ian Goodfellow},
  year={2017},
  eprint={1701.00160},
  eprinttype={arxiv},
  journal = {arXiv:1701.00160 [cs]},
  archivePrefix={arXiv},
  primaryClass={cs.LG}
}

@inproceedings{salimans2016improved,
  title={Improved techniques for training {GAN}s},
  author={Salimans, Tim and Goodfellow, Ian and Zaremba, Wojciech and Cheung, Vicki and Radford, Alec and Chen, Xi},
  booktitle={Advances in neural information processing systems},
  pages={2234--2242},
  year={2016}
}

@article{kliger2018novelty,
  title={Novelty Detection with {GAN}}, 
  author={Mark Kliger and Shachar Fleishman},
  year={2018},
  eprint={1802.10560},
  eprinttype={arxiv},
  journal = {arXiv:1802.10560 [cs]},
  archivePrefix={arXiv},
  primaryClass={cs.CV}
}

@book{bellman1961adaptive,
  title={Adaptive control processes},
  author={Bellman, Richard E},
  year={1961},
  publisher={Princeton University Press}
}

@article{pevny2020sum,
  title={Sum-Product-Transform Networks: Exploiting Symmetries using Invertible Transformations}, 
  author={Tomas Pevny and Vasek Smidl and Martin Trapp and Ondrej Polacek and Tomas Oberhuber},
  year={2020},
  eprint={2005.01297},
  eprinttype={arxiv},
  journal = {arXiv:2005.01297 [stat]},
  archivePrefix={arXiv},
  primaryClass={stat.ML}
}

@article{iwataSupervisedAnomalyDetection2019,
  title = {Supervised {{Anomaly Detection}} Based on {{Deep Autoregressive Density Estimators}}},
  author = {Iwata, Tomoharu and Yamanaka, Yuki},
  year = {2019},
  month = apr,
  archivePrefix = {arXiv},
  eprint = {1904.06034},
  eprinttype = {arxiv},
  journal = {arXiv:1904.06034 [cs, stat]},
  language = {en},
  primaryClass = {cs, stat}
}

@article{dietterich1998approximate,
  title={Approximate statistical tests for comparing supervised classification learning algorithms},
  author={Dietterich, Thomas G},
  journal={Neural computation},
  volume={10},
  number={7},
  pages={1895--1923},
  year={1998},
  publisher={MIT Press}
}

@article{schmidtNormalizingFlowsNovelty2019,
  title = {Normalizing Flows for Novelty Detection in Industrial Time Series Data},
  author = {Schmidt, Maximilian and Simic, Marko},
  year = {2019},
  month = jun,
  archivePrefix = {arXiv},
  eprint = {1906.06904},
  eprinttype = {arxiv},
  journal = {arXiv:1906.06904 [cs, stat]},
  language = {en},
  primaryClass = {cs, stat}
}


@article{diasAnomalyDetectionTrajectory2020a,
  title = {Anomaly {{Detection}} in {{Trajectory Data}} with {{Normalizing Flows}}},
  author = {Dias, Madson L. D. and Mattos, C{\'e}sar Lincoln C. and {da Silva}, Ticiana L. C. and {de Macedo}, Jos{\'e} Ant{\^o}nio F. and Silva, Wellington C. P.},
  year = {2020},
  month = apr,
  archivePrefix = {arXiv},
  eprint = {2004.05958},
  eprinttype = {arxiv},
  journal = {arXiv:2004.05958 [cs, stat]},
  primaryClass = {cs, stat}
}


@article{nalisnickDeepGenerativeModels2019,
  title = {Do {{Deep Generative Models Know What They Don}}'t {{Know}}?},
  author = {Nalisnick, Eric and Matsukawa, Akihiro and Teh, Yee Whye and Gorur, Dilan and Lakshminarayanan, Balaji},
  year = {2019},
  month = feb,
  archivePrefix = {arXiv},
  eprint = {1810.09136},
  eprinttype = {arxiv},
  journal = {arXiv:1810.09136 [cs, stat]},
  primaryClass = {cs, stat}
}


@article{renLikelihoodRatiosOutofDistribution2019,
  title = {Likelihood {{Ratios}} for {{Out}}-of-{{Distribution Detection}}},
  author = {Ren, Jie and Liu, Peter J. and Fertig, Emily and Snoek, Jasper and Poplin, Ryan and DePristo, Mark A. and Dillon, Joshua V. and Lakshminarayanan, Balaji},
  year = {2019},
  month = dec,
  archivePrefix = {arXiv},
  eprint = {1906.02845},
  eprinttype = {arxiv},
  journal = {arXiv:1906.02845 [cs, stat]},
  primaryClass = {cs, stat}
}


@article{kirichenkoWhyNormalizingFlows2020,
  title={Why Normalizing Flows Fail to Detect Out-of-Distribution Data}, 
  author={Polina Kirichenko and Pavel Izmailov and Andrew Gordon Wilson},
  year={2020},
  eprint={2006.08545},
  printtype = {arxiv},
  journal = {arXiv:2006.08545 [stat]},
  archivePrefix={arXiv},
  primaryClass={stat.ML}
}


@article{papamakariosMaskedAutoregressiveFlow2018,
  title = {Masked {{Autoregressive Flow}} for {{Density Estimation}}},
  author = {Papamakarios, George and Pavlakou, Theo and Murray, Iain},
  year = {2018},
  month = jun,
  archivePrefix = {arXiv},
  eprint = {1705.07057},
  eprinttype = {arxiv},
  journal = {arXiv:1705.07057 [cs, stat]},
  keywords = {flows,ml},
  primaryClass = {cs, stat}
}


@article{grathwohlFFJORDFreeformContinuous2018,
  title = {{{FFJORD}}: {{Free}}-Form {{Continuous Dynamics}} for {{Scalable Reversible Generative Models}}},
  shorttitle = {{{FFJORD}}},
  author = {Grathwohl, Will and Chen, Ricky T. Q. and Bettencourt, Jesse and Sutskever, Ilya and Duvenaud, David},
  year = {2018},
  month = oct,
  archivePrefix = {arXiv},
  eprint = {1810.01367},
  eprinttype = {arxiv},
  journal = {arXiv:1810.01367 [cs, stat]},
  language = {en},
  primaryClass = {cs, stat}
}

@article{kingmaGlowGenerativeFlow2018,
  title = {Glow: {{Generative Flow}} with {{Invertible}} 1x1 {{Convolutions}}},
  shorttitle = {Glow},
  author = {Kingma, Diederik P. and Dhariwal, Prafulla},
  year = {2018},
  month = jul,
  archivePrefix = {arXiv},
  eprint = {1807.03039},
  eprinttype = {arxiv},
  journal = {arXiv:1807.03039 [cs, stat]},
  keywords = {Computer Science - Machine Learning,ml,Statistics - Machine Learning},
  language = {en},
  primaryClass = {cs, stat}
}

@article{papamakariosNormalizingFlowsProbabilistic2019,
  title = {Normalizing {{Flows}} for {{Probabilistic Modeling}} and {{Inference}}},
  author = {Papamakarios, George and Nalisnick, Eric and Rezende, Danilo Jimenez and Mohamed, Shakir and Lakshminarayanan, Balaji},
  year = {2019},
  month = dec,
  archivePrefix = {arXiv},
  eprint = {1912.02762},
  eprinttype = {arxiv},
  journal = {arXiv:1912.02762 [cs, stat]},
  language = {en},
  primaryClass = {cs, stat}
}

@article{kobyzevNormalizingFlowsIntroduction2020,
  title = {Normalizing {{Flows}}: {{An Introduction}} and {{Review}} of {{Current Methods}}},
  shorttitle = {Normalizing {{Flows}}},
  author = {Kobyzev, Ivan and Prince, Simon J. D. and Brubaker, Marcus A.},
  year = {2020},
  pages = {1--1},
  issn = {0162-8828, 2160-9292, 1939-3539},
  doi = {10.1109/TPAMI.2020.2992934},
  archivePrefix = {arXiv},
  eprint = {1908.09257},
  eprinttype = {arxiv},
  journal = {IEEE Transactions on Pattern Analysis and Machine Intelligence},
  keywords = {flows,review},
  language = {en}
}

@article{bergstra2012random,
  title={Random search for hyper-parameter optimization},
  author={Bergstra, James and Bengio, Yoshua},
  journal={The Journal of Machine Learning Research},
  volume={13},
  number={1},
  pages={281--305},
  year={2012},
  publisher={JMLR. org}
}

@inproceedings{liu2008isolation,
  title={Isolation forest},
  author={Liu, Fei Tony and Ting, Kai Ming and Zhou, Zhi-Hua},
  booktitle={2008 Eighth IEEE International Conference on Data Mining},
  pages={413--422},
  year={2008},
  organization={IEEE}
}

@article{scholkopf2001estimating,
  title={Estimating the support of a high-dimensional distribution},
  author={Sch{\"o}lkopf, Bernhard and Platt, John C and Shawe-Taylor, John and Smola, Alex J and Williamson, Robert C},
  journal={Neural computation},
  volume={13},
  number={7},
  pages={1443--1471},
  year={2001},
  publisher={MIT Press}
}

@article{zhao2019pyod,
  author  = {Zhao, Yue and Nasrullah, Zain and Li, Zheng},
  title   = {PyOD: A Python Toolbox for Scalable Outlier Detection},
  journal = {Journal of Machine Learning Research},
  year    = {2019},
  volume  = {20},
  number  = {96},
  pages   = {1-7},
  url     = {http://jmlr.org/papers/v20/19-011.html}
}

@inproceedings{kriegel2008angle,
  title={Angle-based outlier detection in high-dimensional data},
  author={Kriegel, Hans-Peter and Schubert, Matthias and Zimek, Arthur},
  booktitle={Proceedings of the 14th ACM SIGKDD international conference on Knowledge discovery and data mining},
  pages={444--452},
  year={2008}
}

@article{goldstein2012histogram,
  title={Histogram-based outlier score (hbos): A fast unsupervised anomaly detection algorithm},
  author={Goldstein, Markus and Dengel, Andreas},
  journal={KI-2012: Poster and Demo Track},
  pages={59--63},
  year={2012},
  publisher={Citeseer}
}

@article{scikit-learn,
 title={Scikit-learn: Machine Learning in {P}ython},
 author={Pedregosa, F. and Varoquaux, G. and Gramfort, A. and Michel, V.
         and Thirion, B. and Grisel, O. and Blondel, M. and Prettenhofer, P.
         and Weiss, R. and Dubourg, V. and Vanderplas, J. and Passos, A. and
         Cournapeau, D. and Brucher, M. and Perrot, M. and Duchesnay, E.},
 journal={Journal of Machine Learning Research},
 volume={12},
 pages={2825--2830},
 year={2011}
}

@article{kingma2014adam,
  title={Adam: A Method for Stochastic Optimization}, 
  author={Diederik P. Kingma and Jimmy Ba},
  year={2017},
  eprint={1412.6980},
  eprinttype = {arxiv},
  journal = {arXiv:1412.6980 [cs]},
  archivePrefix={arXiv},
  primaryClass={cs.LG}
}

@book{bishop2006pattern,
  title={Pattern recognition and machine learning},
  author={Bishop, Christopher M},
  year={2006},
  publisher={springer}
}

@misc{Dua:2019 ,
author = "Dua, Dheeru and Graff, Casey",
year = "2017",
title = "{UCI} Machine Learning Repository",
url = "http://archive.ics.uci.edu/ml",
institution = "University of California, Irvine, School of Information and Computer Sciences" }

@misc{lecun-mnisthandwrittendigit-2010,
  added-at = {2010-06-28T21:16:30.000+0200},
  author = {LeCun, Yann and Cortes, Corinna},
  biburl = {https://www.bibsonomy.org/bibtex/2935bad99fa1f65e03c25b315aa3c1032/mhwombat},
  groups = {public},
  howpublished = {http://yann.lecun.com/exdb/mnist/},
  interhash = {21b9d0558bd66279df9452562df6e6f3},
  intrahash = {935bad99fa1f65e03c25b315aa3c1032},
  keywords = {MSc _checked character_recognition mnist network neural},
  lastchecked = {2016-01-14 14:24:11},
  timestamp = {2016-07-12T19:25:30.000+0200},
  title = {{MNIST} handwritten digit database},
  url = {http://yann.lecun.com/exdb/mnist/},
  username = {mhwombat},
  year = 2010
}

@article{lecun2010mnist,
  title={MNIST handwritten digit database},
  author={LeCun, Yann and Cortes, Corinna and Burges, CJ},
  journal={ATT Labs [Online]. Available: http://yann.lecun.com/exdb/mnist},
  volume={2},
  year={2010}
}

@article{xiao2017fashion,
  title={Fashion-MNIST: a Novel Image Dataset for Benchmarking Machine Learning Algorithms}, 
  author={Han Xiao and Kashif Rasul and Roland Vollgraf},
  year={2017},
  eprint={1708.07747},
  eprinttype = {arxiv},
  journal = {arXiv:1708.07747 [cs]},
  archivePrefix={arXiv},
  primaryClass={cs.LG}
}

@article{krizhevsky2009learning,
  author = {Krizhevsky, Alex and Hinton, Geoffrey},
  year = {2012},
  month = {05},
  pages = {},
  title = {Learning Multiple Layers of Features from Tiny Images},
  journal = {University of Toronto}
}

@inproceedings{netzer2011reading,
title = {Reading Digits in Natural Images with Unsupervised Feature Learning},
author  = {Yuval Netzer and Tao Wang and Adam Coates and Alessandro Bissacco and Bo Wu and Andrew Y. Ng},
year  = {2011},
URL = {http://ufldl.stanford.edu/housenumbers/nips2011_housenumbers.pdf},
booktitle = {NIPS Workshop on Deep Learning and Unsupervised Feature Learning 2011}
}

@article{creswell2018generative,
  title={Generative adversarial networks: An overview},
  author={Creswell, Antonia and White, Tom and Dumoulin, Vincent and Arulkumaran, Kai and Sengupta, Biswa and Bharath, Anil A},
  journal={IEEE Signal Processing Magazine},
  volume={35},
  number={1},
  pages={53--65},
  year={2018},
  publisher={IEEE}
}

@article{hong2019generative,
  title={How generative adversarial networks and their variants work: An overview},
  author={Hong, Yongjun and Hwang, Uiwon and Yoo, Jaeyoon and Yoon, Sungroh},
  journal={ACM Computing Surveys (CSUR)},
  volume={52},
  number={1},
  pages={1--43},
  year={2019},
  publisher={ACM New York, NY, USA}
}

@article{donahue2016adversarial,
  title={Adversarial Feature Learning},
  author={Donahue, Jeff and Kr{\"a}henb{\"u}hl, Philipp and Darrell, Trevor},
  year={2017},
  eprint={1605.09782},
  eprinttype = {arxiv},
  journal = {arXiv:1605.09782 [cs]},
  archivePrefix={arXiv},
  primaryClass={cs.LG}
}

@inproceedings{zhu2017unpaired,
  title={Unpaired image-to-image translation using cycle-consistent adversarial networks},
  author={Zhu, Jun-Yan and Park, Taesung and Isola, Phillip and Efros, Alexei A},
  booktitle={Proceedings of the IEEE international conference on computer vision},
  pages={2223--2232},
  year={2017}
}

@article{innes:2018,
  author    = {Mike Innes},
  title     = {Flux: Elegant Machine Learning with Julia},
  journal   = {Journal of Open Source Software},
  year      = {2018},
  doi       = {10.21105/joss.00602},
}

@article{hoeting1999bayesian,
  title={Bayesian model averaging: a tutorial},
  author={Hoeting, Jennifer A and Madigan, David and Raftery, Adrian E and Volinsky, Chris T},
  journal={Statistical science},
  pages={382--401},
  year={1999},
  publisher={JSTOR}
}

@article{wilson2020case,
  title={The Case for Bayesian Deep Learning}, 
  author={Andrew Gordon Wilson},
  year={2020},
  eprint={2001.10995},
  eprinttype = {arxiv},
  journal = {arXiv:2001.10995 [cs]},
  archivePrefix={arXiv},
  primaryClass={cs.LG}
}

@article{dai2019diagnosing,
  title={Diagnosing and Enhancing VAE Models}, 
  author={Bin Dai and David Wipf},
  year={2019},
  eprint={1903.05789},
  eprinttype = {arxiv},
  journal = {arXiv:1903.05789 [cs]},
  archivePrefix={arXiv},
  primaryClass={cs.LG}
}

@article{menze2014multitemporal,
  title={Multitemporal fusion for the detection of static spatial patterns in multispectral satellite images—With application to archaeological survey},
  author={Menze, Bjoern H and Ur, Jason A},
  journal={IEEE Journal of Selected Topics in Applied Earth Observations and Remote Sensing},
  volume={7},
  number={8},
  pages={3513--3524},
  year={2014},
  publisher={IEEE}
}

@article{molinaro2005prediction,
  title={Prediction error estimation: a comparison of resampling methods},
  author={Molinaro, Annette M and Simon, Richard and Pfeiffer, Ruth M},
  journal={Bioinformatics},
  volume={21},
  number={15},
  pages={3301--3307},
  year={2005},
  publisher={Oxford University Press}
}

@article{lapuschkin2019unmasking,
  title={Unmasking clever hans predictors and assessing what machines really learn},
  author={Lapuschkin, Sebastian and W{\"a}ldchen, Stephan and Binder, Alexander and Montavon, Gr{\'e}goire and Samek, Wojciech and M{\"u}ller, Klaus-Robert},
  journal={Nature communications},
  volume={10},
  number={1},
  pages={1--8},
  year={2019},
  publisher={Nature Publishing Group}
}

@article{Julia-2017,
    title={Julia: A fresh approach to numerical computing},
    author={Bezanson, Jeff and Edelman, Alan and Karpinski, Stefan and Shah, Viral B},
    journal={SIAM {R}eview},
    volume={59},
    number={1},
    pages={65--98},
    year={2017},
    publisher={SIAM},
    doi={10.1137/141000671}
}

@book{barnett1974outliers,
  title={Outliers in statistical data},
  author={Barnett, Vic and Lewis, Toby},
  year={1974},
  publisher={Wiley}
}

@article{arjovsky2017wasserstein,
  title={Wasserstein GAN}, 
  author={Martin Arjovsky and Soumith Chintala and L\'eon Bottou},
  year={2017},
  eprint={1701.07875},
  eprinttype = {arxiv},
  journal = {arXiv:1701.07875 [stat]},
  archivePrefix={arXiv},
  primaryClass={stat.ML}
}

@article{germainMADEMaskedAutoencoder2015,
  title = {{{MADE}}: {{Masked Autoencoder}} for {{Distribution Estimation}}},
  shorttitle = {{{MADE}}},
  author = {Germain, Mathieu and Gregor, Karol and Murray, Iain and Larochelle, Hugo},
  year = {2015},
  month = jun,
  archivePrefix = {arXiv},
  eprint = {1502.03509},
  eprinttype = {arxiv},
  journal = {arXiv:1502.03509 [cs, stat]},
  keywords = {autoencoder, ml},
  language = {en},
  primaryClass = {cs, stat}
}


@article{pangLearningRepresentationsUltrahighdimensional2018,
  title = {Learning {{Representations}} of {{Ultrahigh}}-Dimensional {{Data}} for {{Random Distance}}-Based {{Outlier Detection}}},
  author = {Pang, Guansong and Cao, Longbing and Chen, Ling and Liu, Huan},
  year = {2018},
  month = jun,
  doi = {10.1145/3219819.3220042},
  archiveprefix = {arXiv},
  eprint = {1806.04808},
  eprinttype = {arxiv},
  journal = {arXiv:1806.04808 [cs, stat]},
  keywords = {Computer Science - Artificial Intelligence,Computer Science - Databases,Computer Science - Machine Learning,Statistics - Machine Learning},
  language = {en},
  primaryclass = {cs, stat}
}


@article{muMNISTCRobustnessBenchmark2019,
  title = {{{MNIST}}-{{C}}: {{A Robustness Benchmark}} for {{Computer Vision}}},
  shorttitle = {{{MNIST}}-{{C}}},
  author = {Mu, Norman and Gilmer, Justin},
  year = {2019},
  month = jun,
  archiveprefix = {arXiv},
  eprint = {1906.02337},
  eprinttype = {arxiv},
  file = {/home/honza/Alexandria/storage/99R6ULAQ/Mu and Gilmer - 2019 - MNIST-C A Robustness Benchmark for Computer Visio.pdf},
  journal = {arXiv:1906.02337 [cs]},
  keywords = {Computer Science - Computer Vision and Pattern Recognition,Computer Science - Machine Learning},
  language = {en},
  primaryclass = {cs}
}

@inproceedings{bergmann2019mvtec,
  title={MVTec AD--A comprehensive real-world dataset for unsupervised anomaly detection},
  author={Bergmann, Paul and Fauser, Michael and Sattlegger, David and Steger, Carsten},
  booktitle={Proceedings of the IEEE/CVF conference on computer vision and pattern recognition},
  pages={9592--9600},
  year={2019}
}

@article{bergmannMVTecADComprehensive2019,
  title = {{{MVTec AD}} \textemdash{} {{A Comprehensive Real}}-{{World Dataset}} for {{Unsupervised Anomaly Detection}}},
  author = {Bergmann, Paul and Fauser, Michael and Sattlegger, David and Steger, Carsten},
  year = {2019},
  pages = {9},
  file = {/home/honza/Alexandria/storage/PBSPTHMH/Bergmann et al. - MVTec AD — A Comprehensive Real-World Dataset for .pdf},
  language = {en}
}

@inproceedings{ahmed2020detecting,
  title={Detecting semantic anomalies},
  author={Ahmed, Faruk and Courville, Aaron},
  booktitle={Proceedings of the AAAI Conference on Artificial Intelligence},
  volume={34},
  pages={3154--3162},
  year={2020}
}

@misc{skopt,
    author={Head, Tim and Kumar, Manoj and Nahrstaedt, Holger and Louppe, Gilles and Shcherbatyi, Iaroslav},
    title={scikit-optimize},
    note={10.5281/zenodo.1157319},
    year={2018}
}

@article{dodd2003partial,
  title={Partial AUC estimation and regression},
  author={Dodd, Lori E and Pepe, Margaret S},
  journal={Biometrics},
  volume={59},
  number={3},
  pages={614--623},
  year={2003},
  publisher={Wiley Online Library}
}

@article{mett1992kinetic,
  title={Kinetic theory of toroidicity-induced Alfv{\'e}n eigenmodes},
  author={Mett, RR and Mahajan, SM},
  journal={Physics of Fluids B: Plasma Physics},
  volume={4},
  number={9},
  pages={2885--2893},
  year={1992},
  publisher={American Institute of Physics}
}

@article{lvovskiy2019observation,
  title={Observation of Rapid Frequency Chirping Instabilities Driven by Runaway Electrons in a Tokamak},
  author={Lvovskiy, A and Heidbrink, WW and Paz-Soldan, C and Spong, DA and Dal Molin, A and Eidietis, NW and Nocente, M and Shiraki, D and Thome, KE},
  journal={Nuclear Fusion},
  volume={59},
  number={12},
  pages={124004},
  year={2019},
  publisher={IOP Publishing}
}

@article{panek2015status,
  title={Status of the COMPASS Tokamak and Characterization of the First H-mode},
  author={Panek, R and Ad{\'a}mek, J and Aftanas, M and B{\'\i}lkov{\'a}, P and B{\"o}hm, P and Brochard, F and Cahyna, P and Cavalier, J and Dejarnac, R and Dimitrova, M and others},
  journal={Plasma Physics and Controlled Fusion},
  volume={58},
  number={1},
  pages={014015},
  year={2015},
  publisher={IOP Publishing}
}

@inproceedings{kovavrik2011u,
  title={U-probe for the COMPASS Tokamak},
  author={Kova{\v{r}}{\'\i}k, K and {\v{D}}uran, I and St{\"o}ckel, J and Brot{\'a}nkov{\'a}, J and Seidl, J and {\v{S}}est{\'a}k, D and Spolaore, M and Martines, E and Vianello, N and Hidalgo, C and others},
  booktitle={WDS},
  volume={11},
  pages={227--232},
  year={2011}
}

@article{deng2016efficient,
  title={Efficient kNN Classification Algorithm for Big Data},
  author={Deng, Zhenyun and Zhu, Xiaoshu and Cheng, Debo and Zong, Ming and Zhang, Shichao},
  journal={Neurocomputing},
  volume={195},
  pages={143--148},
  year={2016},
  publisher={Elsevier}
}

@article{huang2005gaussian,
  title={A Gaussian Mixture Model Based Classification Scheme for Myoelectric Control of Powered Upper Limb Prostheses},
  author={Huang, Yonghong and Englehart, Kevin B and Hudgins, Bernard and Chan, Adrian DC},
  journal={IEEE Transactions on Biomedical Engineering},
  volume={52},
  number={11},
  pages={1801--1811},
  year={2005},
  publisher={IEEE}
}

@article{hahnloser2000digital,
  title={Digital Selection and Analogue Amplification Coexist in a Cortex-inspired Silicon Circuit},
  author={Hahnloser, Richard HR and Sarpeshkar, Rahul and Mahowald, Misha A and Douglas, Rodney J and Seung, H Sebastian},
  journal={Nature},
  volume={405},
  number={6789},
  pages={947},
  year={2000},
  publisher={Nature Publishing Group}
}

@article{bezanson2017julia,
  title={Julia: A fresh Approach to Numerical Computing},
  author={Bezanson, Jeff and Edelman, Alan and Karpinski, Stefan and Shah, Viral B},
  journal={SIAM review},
  volume={59},
  number={1},
  pages={65--98},
  year={2017},
  publisher={SIAM},
  url={https://doi.org/10.1137/141000671}
}

@article{lecun1989backpropagation,
  title={Backpropagation applied to handwritten zip code recognition},
  author={LeCun, Yann and Boser, Bernhard and Denker, John S and Henderson, Donnie and Howard, Richard E and Hubbard, Wayne and Jackel, Lawrence D},
  journal={Neural computation},
  volume={1},
  number={4},
  pages={541--551},
  year={1989},
  publisher={MIT Press}
}

@inproceedings{ranzato2007efficient,
  title={Efficient learning of sparse representations with an energy-based model},
  author={Ranzato, Marc'Aurelio and Poultney, Christopher and Chopra, Sumit and Cun, Yann L},
  booktitle={Advances in neural information processing systems},
  pages={1137--1144},
  year={2007}
}

@article{gorham2017measuring,
  title={Measuring sample quality with kernels},
  author={Gorham, Jackson and Mackey, Lester},
  journal={arXiv preprint arXiv:1703.01717},
  year={2017}
}

@article{fawcett2006introduction,
  title={An introduction to ROC analysis},
  author={Fawcett, Tom},
  journal={Pattern recognition letters},
  volume={27},
  number={8},
  pages={861--874},
  year={2006},
  publisher={Elsevier}
}

@inproceedings{boyd2013area,
  title={Area under the precision-recall curve: point estimates and confidence intervals},
  author={Boyd, Kendrick and Eng, Kevin H and Page, C David},
  booktitle={Joint European conference on machine learning and knowledge discovery in databases},
  pages={451--466},
  year={2013},
  organization={Springer}
}